
@article{gol_sal,
  author = 	 {Eric Goles and Lilian Salinas},
  title = 	 {Sequential operator for filtering cycles in Boolean networks},
  journal = 	 {Advances in Applied Mathematics},
  year = 	 {2010},
  OPTkey = 	 {ISSN 0196-8858},
  OPTvolume = 	 {45},
  OPTnumber = 	 {3},
  OPTpages = 	 {346-358},
  OPTmonth = 	 {September},
  OPTnote = 	 {http://www.sciencedirect.com/science/article/pii/S0196885810000321},
  OPTannote = 	 {}
}

@article{monteal,
title = "Computational complexity of threshold automata networks under different updating schemes ",
journal = "Theoretical Computer Science ",
volume = "559",
number = "0",
pages = "3 - 19",
year = "2014",
note = "Non-uniform Cellular Automata ",
issn = "0304-3975",
doi = "http://dx.doi.org/10.1016/j.tcs.2014.09.010",
url = "http://www.sciencedirect.com/science/article/pii/S0304397514006756",
author = "Eric Goles and Pedro Montealegre",
keywords = "Automata networks",
keywords = "Threshold functions",
keywords = "Computational complexity",
keywords = "Updating scheme",
keywords = "P-completeness",
keywords = "\{NC\}",
keywords = "NP-Hard "
}


@article{yeast,
  author = 	 {F. Li and T. Long and Y. Lu and Q. Ouyang and C. Tang},
  title = 	 {The yeast cell-cycle network is robustly designed},
  journal = 	 {Proceedings of the National Academy of Sciences of the United States of America},
  year = 	 {2004},
  OPTkey = 	 {},
  OPTvolume = 	 {101},
  OPTnumber = 	 {14},
  OPTpages = 	 {4781–4786},
  OPTmonth = 	 {},
  OPTnote = 	 {Retrieved from http://arxiv.org/abs/q-bio/0310010},
  OPTannote = 	 {}
}

@article{boolnet,
author = {Müssel, Christoph and Hopfensitz, Martin and Kestler, Hans A.}, 
title = {BoolNet—an R package for generation, reconstruction and analysis of Boolean networks},
volume = {26}, 
number = {10}, 
pages = {1378-1380}, 
year = {2010}, 
doi = {10.1093/bioinformatics/btq124}, 
journal = {Bioinformatics},
}

%URL = {http://bioinformatics.oxfordjournals.org/content/26/10/1378.abstract}, 
%eprint = {http://bioinformatics.oxfordjournals.org/content/26/10/1378.full.pdf+html} 

@article{disj,
  author = 	 {Eric Goles and Mathilde Noual},
  title = 	 {Disjunctive networks and update schedules},
  journal = 	 {Advances in Applied Mathematics},
  year = 	 {2012},
  OPTkey = 	 {ISSN 0196-8858},
  OPTvolume = 	 {48},
  OPTnumber = 	 {5},
  OPTpages = 	 {646-662},
  OPTmonth = 	 {May},
  OPTnote = 	 {},
  OPTannote = 	 {}
}

@article{longa,
title = "Computational representation of developmental genetic regulatory networks ",
journal = "Developmental Biology ",
volume = "283",
number = "1",
pages = "1 - 16",
year = "2005",
note = "",
issn = "0012-1606",
doi = "http://dx.doi.org/10.1016/j.ydbio.2005.04.023",
url = "http://www.sciencedirect.com/science/article/pii/S0012160605002575",
author = "William J.R. Longabaugh and Eric H. Davidson and Hamid Bolouri",
keywords = "Genetic regulatory networks",
keywords = "Computational modeling",
keywords = "Visualization",
keywords = "Documentation "
}

@article{longa2,
title = "Visualization, documentation, analysis, and communication of large-scale gene regulatory networks ",
journal = "Biochimica et Biophysica Acta (BBA) - Gene Regulatory Mechanisms ",
volume = "1789",
number = {4},
pages = "363 - 374",
year = "2009",
note = "<ce:title>System Biology – Genetic Networks</ce:title> ",
issn = "1874-9399",
doi = "http://dx.doi.org/10.1016/j.bbagrm.2008.07.014",
url = "http://www.sciencedirect.com/science/article/pii/S1874939908001624",
author = "William J.R. Longabaugh and Eric H. Davidson and Hamid Bolouri",
keywords = "Genetic regulatory network",
keywords = "Gene regulation",
keywords = "Systems biology",
keywords = "Modeling",
keywords = "Computational biology "
}


@article{pajek,
  author = 	 {Batagelij, V. and Mrvar, A.},
  title = 	 {Pajek - program for large network analysis},
  journal = 	 {Connections},
  year = 	 {1998},
  OPTkey = 	 {},
  OPTvolume = 	 {21},
  OPTnumber = 	 {},
  OPTpages = 	 {47–57},
  OPTmonth = 	 {},
  OPTnote = 	 {},
  OPTannote = 	 {}
}


@article{conv_it_sys,
 author = {Arora, Anish and Attie, Paul and Evangelist, Michael and Gouda, Mohamed},
 title = {Convergence of iteration systems},
 journal = {Distrib. Comput.},
 issue_date = {November 1993},
 volume = {7},
 number = {1},
 month = nov,
 year = {1993},
 issn = {0178-2770},
 pages = {43--53},
 numpages = {11},
 url = {http://dx.doi.org/10.1007/BF02278855},
 doi = {10.1007/BF02278855},
 acmid = {1081404},
 publisher = {Springer-Verlag},
 address = {London, UK, UK},
 keywords = {convergence, dependency graph, iteration systems, stabilization},
} 

@article{par_ser,
  author = 	 {Eric Goles and Lilian Salinas},
  title = 	 {Comparison between parallel and serial dynamics of
Boolean networks},
  journal = 	 {Theoretical Computer Science},
  year = 	 {2008},
  OPTkey = 	 {},
  OPTvolume = 	 {396},
  OPTnumber = 	 {},
  OPTpages = 	 {247–253},
  OPTmonth = 	 {},
  OPTnote = 	 {},
  OPTannote = 	 {}
}


@article{kauffman,
  author = 	 {Kauffman, S.A.},
  title = 	 {Metabolic stability and epigenesis in randomly constructed genetics nets.},
  journal = 	 {J. Theor. Biol.},
  year = 	 {1969},
  OPTkey = 	 {},
  OPTvolume = 	 {22},
  OPTnumber = 	 {},
  OPTpages = 	 {437-467},
  OPTmonth = 	 {},
  OPTnote = 	 {},
  OPTannote = 	 {}
}


@article{pred_yeast,
  author = 	 {Davidich, M. I. and Bornholdt, S.},
  title = 	 {Boolean Network Model Predicts Cell Cycle Sequence of Fission Yeast},
  journal = 	 {(G. Stolovitzky, Ed.)PLoS ONE},
  year = 	 {2008},
  OPTkey = 	 {},
  OPTvolume = 	 {3},
  OPTnumber = 	 {2},
  OPTpages = 	 {},
  OPTmonth = 	 {},
  OPTnote = 	 {},
  OPTannote = 	 {}
}

@book{Cormen,
 author = {Cormen, Thomas H. and Stein, Clifford and Rivest, Ronald L. and Leiserson, Charles E.},
 title = {Introduction to Algorithms},
 year = {2001},
 isbn = {0070131511},
 edition = {2nd},
 publisher = {McGraw-Hill Higher Education},
}

@article{sign_sol,
  author = 	 {Klee V., Ladner R. and Manber R.},
  title = 	 {Signsolvability Revisited},
  journal = 	 {Linear Algebra and its Applications},
  year = 	 {1984},
  OPTkey = 	 {},
  OPTvolume = 	 {},
  OPTnumber = 	 {59},
  OPTpages = 	 {131-157},
  OPTmonth = 	 {},
  OPTnote = 	 {},
  OPTannote = 	 {}
}

@inproceedings{DBLP:conf/vldb/MendelzonW89,
  author    = {Alberto O. Mendelzon and
               Peter T. Wood},
  title     = {Finding Regular Simple Paths in Graph Databases},
  booktitle = {VLDB},
  year      = {1989},
  pages     = {185-193},
  ee        = {http://www.vldb.org/conf/1989/P185.PDF},
  crossref  = {},
  bibsource = {DBLP, http://dblp.uni-trier.de}
}



@article{journals/siamcomp/Tarjan72,
  added-at = {2011-02-01T00:00:00.000+0100},
  author = {Tarjan, Robert Endre},
  biburl = {http://www.bibsonomy.org/bibtex/206ba17a6e811152d7e7d51f8e0133d11/dblp},
  ee = {http://dx.doi.org/10.1137/0201010},
  interhash = {84fa643834b66d69d6440e9a3103f24f},
  intrahash = {06ba17a6e811152d7e7d51f8e0133d11},
  journal = {SIAM J. Comput.},
  keywords = {dblp},
  number = 2,
  pages = {146-160},
  timestamp = {2011-02-01T00:00:00.000+0100},
  title = {Depth-First Search and Linear Graph Algorithms.},
  url = {http://dblp.uni-trier.de/db/journals/siamcomp/siamcomp1.html#Tarjan72},
  volume = 1,
  year = 1972
}

@article{DBLP:journals/siamcomp/Atallah82,
  author    = {Mikhail J. Atallah},
  title     = {Finding the Cyclic Index of an Irreducible, Nonnegative
               Matrix},
  journal   = {SIAM J. Comput.},
  volume    = {11},
  number    = {3},
  year      = {1982},
  pages     = {567-570},
  ee        = {http://dx.doi.org/10.1137/0211047},
  bibsource = {DBLP, http://dblp.uni-trier.de}
}

@article{doi:10.1287/moor.2.1.20,
author = {Denardo, Eric V.},
title = {Periods of Connected Networks and Powers of Nonnegative Matrices},
journal = {Mathematics of Operations Research},
volume = {2},
number = {1},
pages = {20-24},
year = {1977},
doi = {10.1287/moor.2.1.20},

URL = {http://pubsonline.informs.org/doi/abs/10.1287/moor.2.1.20},
eprint = {http://pubsonline.informs.org/doi/pdf/10.1287/moor.2.1.20}
}

@article{Thomassen198585,
title = "Even Cycles in Directed Graphs ",
journal = "European Journal of Combinatorics ",
volume = "6",
number = "1",
pages = "85 - 89",
year = "1985",
note = "",
issn = "0195-6698",
doi = "http://dx.doi.org/10.1016/S0195-6698(85)80025-1",
url = "http://www.sciencedirect.com/science/article/pii/S0195669885800251",
author = "Carsten Thomassen"
}

﻿@article {NET:NET3230140403,
author = {Lapaugh, Andrea S. and Papadimitriou, Christos H.},
title = {The even-path problem for graphs and digraphs},
journal = {Networks},
volume = {14},
number = {4},
publisher = {Wiley Subscription Services, Inc., A Wiley Company},
issn = {1097-0037},
url = {http://dx.doi.org/10.1002/net.3230140403},
doi = {10.1002/net.3230140403},
pages = {507--513},
year = {1984},
}

@article{Lubiw198887,
title = "A note on odd/even cycles ",
journal = "Discrete Applied Mathematics ",
volume = "22",
number = "1",
pages = "87 - 92",
year = "1988",
note = "",
issn = "0166-218X",
doi = "http://dx.doi.org/10.1016/0166-218X(88)90125-4",
url = "http://www.sciencedirect.com/science/article/pii/0166218X88901254",
author = "Anna Lubiw"
}

@article{DBLP:journals/siamcomp/Johnson75,
  author    = {Donald B. Johnson},
  title     = {Finding All the Elementary Circuits of a Directed Graph},
  journal   = {SIAM J. Comput.},
  volume    = {4},
  number    = {1},
  year      = {1975},
  pages     = {77-84},
  ee        = {http://dx.doi.org/10.1137/0204007},
  bibsource = {DBLP, http://dblp.uni-trier.de}
}

@article{Sharir198167,
title = {A strong-connectivity algorithm and its applications in data flow analysis},
journal = {Computers \& Mathematics with Applications},
volume = {7},
number = {1},
pages = {67 - 72},
year = {1981},
note ={},
issn = {0898-1221},
doi = {http://dx.doi.org/10.1016/0898-1221(81)90008-0},
url = {http://www.sciencedirect.com/science/article/pii/0898122181900080},
author = {M. Sharir}
}


@article{fix_np,
  author = 	 {Q. Zhao},
  title = 	 {A remark on ``Scalar Equations for Synchronous Boolean Networks with Biological Applications'' by C. Farrow, J. Heidel, J. Maloney and J. Rogers},
  journal = 	 {IEEE Trans. Neural Netw.},
  year = 	 {2005},
  OPTkey = 	 {},
  OPTvolume = 	 {16},
  OPTnumber = 	 {6},
  OPTpages = 	 {1715–1716},
  OPTmonth = 	 {},
  OPTnote = 	 {},
  OPTannote = 	 {}
}

@article{monfix_np,
  author = 	 {K. Yang and Q. Zhao},
  title = 	 {Balance problem of min-max systems is co-NP
hard},
  journal = 	 {Syst. Contr. Lett.},
  year = 	 {2004},
  OPTkey = 	 {},
  OPTvolume = 	 {53},
  OPTnumber = 	 {3–4},
  OPTpages = 	 {303–310},
  OPTmonth = 	 {},
  OPTnote = 	 {},
  OPTannote = 	 {}
}

@article{,
  author = 	 {E. Clarke and D. Kröning and J. Ouaknine and O. Strichman},
  title = 	 {Completeness
and Complexity of Bounded Model Checking, in Verification, Model
Checking, and Abstract Interpretation LNCS 2937},
  journal = 	 {Venice, Italy:
Springer},
  year = 	 {2004},
  OPTkey = 	 {},
  OPTvolume = 	 {},
  OPTnumber = 	 {},
  OPTpages = 	 {85–96},
  OPTmonth = 	 {},
  OPTnote = 	 {},
  OPTannote = 	 {}
}

@article{dyn_patt,
  author = 	 {M. Barthélemy and A. Barrat and  R. Pastor-Satorras and A. Vespignani},
  title = 	 {Dynamical patterns of epidemic outbreaks in complex heterogeneous networks},
  journal = 	 {J. Theor. Biol.},
  year = 	 {2005},
  OPTkey = 	 {},
  OPTvolume = 	 {235},
  OPTnumber = 	 {},
  OPTpages = 	 {275-288},
  OPTmonth = 	 {},
  OPTnote = 	 {},
  OPTannote = 	 {}
}


@article{query_lang,
  author = 	 {C. J. Langmead and S. Jha and E. M. Clarke},
  title = 	 {Temporal-Logics as
Query Languages for Dynamic Bayesian Networks: Application to
D. Melanogaster Embryo Development CMU-CS-06-159},
  journal = 	 {},
  year = 	 {2010},
  OPTkey = 	 {},
  OPTvolume = 	 {},
  OPTnumber = 	 {},
  OPTpages = 	 {},
  OPTmonth = 	 {},
  OPTnote = 	 {},
  OPTannote = 	 {Available: http://reports-archive.adm.cs.cmu.edu/anon/2006/
CMU-CS-06-159.pdf}
}


@article{gauges,
  author = 	 {Demongeot J. and Goles E. and Morvan M. and Noual M. and Sene S.},
  title = 	 {Attraction Basins as Gauges of Robustness against Boundary Conditions in Biological Complex
Systems},
  journal = 	 {PLoS ONE},
  year = 	 {2010},
  OPTkey = 	 {},
  OPTvolume = 	 {5},
  OPTnumber = 	 {8},
  OPTpages = 	 {e11793},
  OPTmonth = 	 {},
  OPTnote = 	 {},
  OPTannote = 	 {},
	doi= {10.1371/journal.pone.0011793}
}


@article{sat,
  author = 	 {Elena Dubrova and  Maxim Teslenko},
  title = 	 {A SAT-Based Algorithm for Finding Attractors in Synchronous Boolean Networks},
  journal = 	 {IEEE/ACM Transactions on Computational Biology and Bioinformatics},
  year = 	 {2011},
  OPTkey = 	 {},
  OPTvolume = 	 {8},
  OPTnumber = 	 {5},
  OPTpages = 	 {1393-1399},
  OPTmonth = 	 {Sept.-Oct.},
  OPTnote = 	 {},
  OPTannote = 	 {},
	doi= {10.1109/TCBB.2010.20}
}

, ,    .
@article{max_fp,
  author = 	 {J. Aracena},
  title = 	 {Maximum number of fixed points in regulatory Boolean networks},
  journal = 	 {Bull. Math. Biol.},
  year = 	 {2008},
  OPTkey = 	 {},
  OPTvolume = 	 {70},
  OPTnumber = 	 {5},
  OPTpages = 	 {1398–1409},
  OPTnote = 	 {},
  OPTannote = 	 {}
}



@article{eff_2013,
    author = {Zheng, , Desheng AND Yang, , Guowu AND Li, , Xiaoyu AND Wang, , Zhicai AND Liu, , Feng AND He, , Lei},
    journal = {PLoS ONE},
    publisher = {Public Library of Science},
    title = {An Efficient Algorithm for Computing Attractors of Synchronous And Asynchronous Boolean Networks},
    year = {2013},
    month = {04},
    volume = {8},
    url = {http://dx.doi.org/10.1371\%2Fjournal.pone.0060593},
    pages = {e60593},
    number = {4},
    doi = {10.1371/journal.pone.0060593}
}   
 %abstract = {<p>Biological networks, such as genetic regulatory networks, often contain positive and negative feedback loops that settle down to dynamically stable patterns. Identifying these patterns, the so-called attractors, can provide important insights for biologists to understand the molecular mechanisms underlying many coordinated cellular processes such as cellular division, differentiation, and homeostasis. Both synchronous and asynchronous Boolean networks have been used to simulate genetic regulatory networks and identify their attractors. The common methods of computing attractors are that start with a randomly selected initial state and finish with exhaustive search of the state space of a network. However, the time complexity of these methods grows exponentially with respect to the number and length of attractors. Here, we build two algorithms to achieve the computation of attractors in synchronous and asynchronous Boolean networks. For the synchronous scenario, combing with iterative methods and reduced order binary decision diagrams (ROBDD), we propose an improved algorithm to compute attractors. For another algorithm, the attractors of synchronous Boolean networks are utilized in asynchronous Boolean translation functions to derive attractors of asynchronous scenario. The proposed algorithms are implemented in a procedure called <italic>geneFAtt</italic>. Compared to existing tools such as <italic>genYsis</italic>, <italic>geneFAtt</italic> is significantly <inline-formula><inline-graphic xmlns:xlink="http://www.w3.org/1999/xlink" xlink:href="info:doi/10.1371/journal.pone.0060593.e001" xlink:type="simple"/></inline-formula> faster in computing attractors for empirical experimental systems.</p><sec><title>Availability</title><p>The software package is available at <ext-link xmlns:xlink="http://www.w3.org/1999/xlink" ext-link-type="uri" xlink:href="https://sites.google.com/site/desheng619/download" xlink:type="simple">https://sites.google.com/site/desheng619/download</ext-link>.</p></sec>},

@article{find_cycl,
  author = 	 {J. Heidel and J. Maloney and J. Farrow  and J. Rogers},
  title = 	 {Finding cycles in synchronous Boolean networks with applications to biochemical systems},
  journal = 	 {Int. J. Bifurcat. Chaos},
  year = 	 {2003},
  OPTkey = 	 {},
  OPTvolume = 	 {13},
  OPTnumber = 	 {3},
  OPTpages = 	 {535–552},
  OPTmonth = 	 {},
  OPTnote = 	 {},
  OPTannote = 	 {}
}
%http://www.worldscientific.com/doi/abs/10.1142/S0218127403006765?journalCode=ijbc

@article{scal_eq,
  author = 	 {C. Farrow and J. Heidel and H. Maloney and J. Rogers},
  title = 	 {Scalar equations
for synchronous Boolean networks with biological applications},
  journal = 	 {IEEE
Trans. Neural Networks},
  year = 	 {2004},
  OPTkey = 	 {},
  OPTvolume = 	 {15},
  OPTnumber = 	 {2},
  OPTpages = 	 {348–354},
  OPTmonth = 	 {Mar.},
  OPTnote = 	 {},
  OPTannote = 	 {}
}

%http://ieeexplore.ieee.org/xpl/articleDetails.jsp?reload=true&arnumber=1288239
@article{log_an,
  author = 	 {Y. Devloo and P. Hansen and M. Labbé},
  title = 	 {Identification of all steady states
in large networks by logical analysis},
  journal = 	 {Bull. Math. Bio.},
  year = 	 {2003},
  OPTkey = 	 {},
  OPTvolume = 	 {65},
  OPTnumber = 	 {},
  OPTpages = 	 {1025–1051},
  OPTmonth = 	 {},
  OPTnote = 	 {},
  OPTannote = 	 {}
}
%http://www.sciencedirect.com/science/article/pii/S0092824003000612

@article{Drager01082011,
author = {Dräger, Andreas and Rodriguez, Nicolas and Dumousseau, Marine and Dörr, Alexander and Wrzodek, Clemens and Le Novère, Nicolas and Zell, Andreas and Hucka, Michael}, 
title = {JSBML: a flexible Java library for working with SBML},
volume = {27}, 
number = {15}, 
pages = {2167-2168}, 
year = {2011}, 
doi = {10.1093/bioinformatics/btr361}, 
abstract ={Summary: The specifications of the Systems Biology Markup Language (SBML) define standards for storing and exchanging computer models of biological processes in text files. In order to perform model simulations, graphical visualizations and other software manipulations, an in-memory representation of SBML is required. We developed JSBML for this purpose. In contrast to prior implementations of SBML APIs, JSBML has been designed from the ground up for the Java™ programming language, and can therefore be used on all platforms supported by a Java Runtime Environment. This offers important benefits for Java users, including the ability to distribute software as Java Web Start applications. JSBML supports all SBML Levels and Versions through Level 3 Version 1, and we have strived to maintain the highest possible degree of compatibility with the popular library libSBML. JSBML also supports modules that can facilitate the development of plugins for end user applications, as well as ease migration from a libSBML-based backend.Availability: Source code, binaries and documentation for JSBML can be freely obtained under the terms of the LGPL 2.1 from the website http://sbml.org/Software/JSBML.Contact: jsbml-team@sbml.orgSupplementary information: Supplementary data are available at Bioinformatics online.}, 
URL = {http://bioinformatics.oxfordjournals.org/content/27/15/2167.abstract}, 
eprint = {http://bioinformatics.oxfordjournals.org/content/27/15/2167.full.pdf+html}, 
journal = {Bioinformatics} 
}

@article{sync_async,
  author = 	 {A. Garg and A. D. Cara and L. Xenarios and L. Mendoza and G. D. Micheli},
  title = 	 {Synchronous versus asynchronous modeling of gene regulatory networks},
  journal = 	 {Bioinformatics},
  year = 	 {2008},
  OPTkey = 	 {},
  OPTvolume = 	 {24},
  OPTnumber = 	 {17},
  OPTpages = 	 {1917–1925},
  OPTmonth = 	 {},
  OPTnote = 	 {},
  OPTannote = 	 {}
}

@article{kauf_ncf,
  author = 	 {Kauffman, S. and C. Peterson and B. Samuelsson and C. Troein},
  title = 	 {Random Boolean network models and the yeast transcriptional network},
  journal = 	 {PNAS},
  year = 	 {2003},
  OPTkey = 	 {},
  OPTvolume = 	 {100},
  OPTnumber = 	 {25},
  OPTpages = 	 {14796–14799},
  OPTmonth = 	 {},
  OPTnote = 	 {},
  OPTannote = 	 {}
}

@article{Murrugarra201166,
title = "Regulatory patterns in molecular interaction networks ",
journal = "Journal of Theoretical Biology ",
volume = "288",
number = "0",
pages = "66 - 72",
year = "2011",
note = "",
issn = "0022-5193",
doi = "http://dx.doi.org/10.1016/j.jtbi.2011.08.015",
url = "http://www.sciencedirect.com/science/article/pii/S0022519311004103",
author = "David Murrugarra and Reinhard Laubenbacher",
keywords = "Gene regulation",
keywords = "Signaling",
keywords = "Mathematical model",
keywords = "Nested canalyzing function",
keywords = "Robustness "
}

 
@article{comp_an,
  author = 	 {Yuan Li and John O. Adeyeye and David Murrugarra and Boris Aguilar and Reinhard Laubenbacher},
  title = 	 {Boolean nested canalizing functions: a comprehensive analysis},
  journal = 	 {arXiv:1204.5203v2 [math.DS]},
  year = 	 {2013},
  OPTkey = 	 {}
} 


@article{sbml,
  author = 	 {Chaouiya, Claudine and Berenguier, Duncan and Keating, Sarah M. and Naldi, Aurelien and van Iersel, Martijn P. and Rodriguez, Nicolas and Dräger, Andreas and Büchel, Finja and Cokelaer, Thomas and Kowal, Bryan and Wicks, Benjamin and Gonçalves, Emmanuel and Dorier, Julien and Page, Michel and Monteiro, Pedro T. and von Kamp, Axel and Xenarios, Ioannis and de Jong, Hidde and Hucka, Michael and Klamt, Steffen and Thieffry, Dennis and Le Novère, Nicolas and Saez-Rodriguez, Julio and Helikar, Tomas},
  title = 	 {SBML qualitative models: a model representation format and infrastructure to
foster interactions between qualitative modelling formalisms and tools},
  journal = 	 {BMC Systems Biology},
  year = 	 {2013},
  OPTkey = 	 {},
  OPTvolume = 	 {7},
  OPTnumber = 	 {135},
  OPTpages = 	 {},
  url = {http://www.biomedcentral.com/1752-0509/7/135},
  OPTmonth = 	 {},
  OPTnote = 	 {},
  OPTannote = 	 {}
}

@inbook{gna,
  author={G. Batt and B. Besson and P.-E. Ciron and H. de Jong and E. Dumas and J. Geiselmann and R. Monte and P.T. Monteiro and M. Page and F. Rechenmann and D. Ropers},
  year= 2012, 
  chapter={Genetic Network Analyzer : A tool for the qualitative modeling and simulation of bacterial regulatory networks}, 
  editor = {J. van Helden and A. Toussaint and D. Thieffry}, 
  title= {Bacterial Molecular Networks}, 
  publisher= {Humana Press, Springer},
  address= {New York},
  pages= { 439-462} 
}

@inbook{glass85,
  author={Glass, L.},
  year= 1985, 
  chapter={Boolean and continuous models for the generation of biological rhythms}, 
  editor = {Demongast, J. and Goles, E. and Tchuente, M.}, 
  title= {Dynamical Systems and Cellular Automata}, 
  publisher= {Academic Press},
  address= {London},
  pages= {197-206} 
}


@article{Naldi2009134,
title = "Logical modelling of regulatory networks with \{GINsim\} 2.3 ",
journal = "Biosystems ",
volume = "97",
number = "2",
pages = "134 - 139",
year = "2009",
note = "",
issn = "0303-2647",
doi = "http://dx.doi.org/10.1016/j.biosystems.2009.04.008",
url = "http://www.sciencedirect.com/science/article/pii/S0303264709000665",
author = "A. Naldi and D. Berenguier and A. Fauré and F. Lopez and D. Thieffry and C. Chaouiya",
keywords = "Regulatory networks",
keywords = "Logical modelling",
keywords = "Dynamical simulation",
keywords = "Computational systems biology "
}

@article{thomas,
  author = 	 {Thomas R.},
  title = 	 {On the relation between the logical structure of systems and their ability to generate multiple steady states of sustained oscillations},
  journal = 	 {Springer Series Synergetics},
  year = 	 {1981},
  OPTkey = 	 {},
  OPTvolume = 	 {9},
  OPTnumber = 	 {},
  OPTpages = 	 {180-93},
  OPTmonth = 	 {},
  OPTnote = 	 {},
  OPTannote = 	 {}
}

@article{thieffry,
author = {Thieffry, Denis}, 
title = {Dynamical roles of biological regulatory circuits},
volume = {8}, 
number = {4}, 
pages = {220-225}, 
year = {2007}, 
doi = {10.1093/bib/bbm028}, 
abstract ={Regulatory circuits are found at the basis of all non-trivial dynamical properties of biological networks. More specifically, positive circuits are involved in the generation of multiple differentiated states, whereas negative circuits can generate cyclic or homeostatic behaviours. These notions are briefly reviewed, from initial biological formulations to mathematical formalisations, further encompassing their application to the design of synthetic regulatory systems. Finally, current challenges for the analysis of increasingly complex regulatory networks are indicated, as well as prospects for our understanding of development and evolution.}, 
URL = {http://bib.oxfordjournals.org/content/8/4/220.abstract}, 
eprint = {http://bib.oxfordjournals.org/content/8/4/220.full.pdf+html}, 
journal = {Briefings in Bioinformatics} 
}


@article{fth1,
  author = 	 {Thomas R.},
  title = 	 {Positive feedback circuits are a necessary conditions for positive eigenvalues of the Jacobian matrix},
  journal = 	 {Ber Bungenses Phys Chem},
  year = 	 {1994},
  OPTkey = 	 {},
  OPTvolume = 	 {98},
  OPTnumber = 	 {},
  OPTpages = 	 {1148–51},
  OPTmonth = 	 {},
  OPTnote = 	 {},
  OPTannote = 	 {}
}

@article{fth2,
  author = {Soulé, C.},
  title = 	 {Graphic Requirements for Multistationarity},
  journal = 	 {ComPlexUs},
  year = 	 {2003},
  OPTkey = 	 {},
  OPTvolume = 	 {1},
  OPTnumber = 	 {},
  OPTpages = 	 {123-133},
  OPTmonth = 	 {},
  OPTnote = 	 {},
  OPTannote = 	 {}
}

@article{fth3,
  author = 	 {Plahte E. and Mestl T. and Omholt S.W.},
  title = 	 {Feedback loops, stability and multistationarity in dynamical systems},
  journal = 	 {J Biol Syst},
  year = 	 {1995},
  OPTkey = 	 {},
  OPTvolume = 	 {3},
  OPTnumber = 	 {},
  OPTpages = 	 {409-13},
  OPTmonth = 	 {},
  OPTnote = 	 {},
  OPTannote = 	 {}
}

@article{fth4,
title = "A new necessary condition on interaction graphs for multistationarity ",
journal = "Journal of Theoretical Biology ",
volume = "248",
number = "4",
pages = "675 - 685",
year = "2007",
note = "",
issn = "0022-5193",
doi = "http://dx.doi.org/10.1016/j.jtbi.2007.06.016",
url = "http://www.sciencedirect.com/science/article/pii/S0022519307002950",
author = "M. Kaufman and C. Soulé and R. Thomas",
keywords = "Multistationarity",
keywords = "Feedback circuits",
keywords = "Regulatory network",
keywords = "Interaction graph",
keywords = "Jacobian matrix",
keywords = "Stability "
}

@article{Glass1973103,
title = "The logical analysis of continuous, non-linear biochemical control networks ",
journal = "Journal of Theoretical Biology ",
volume = "39",
number = "1",
pages = "103 - 129",
year = "1973",
note = "",
issn = "0022-5193",
doi = "http://dx.doi.org/10.1016/0022-5193(73)90208-7",
url = "http://www.sciencedirect.com/science/article/pii/0022519373902087",
author = "Leon Glass and Stuart A. Kauffman"
}

@article{Glass197827,
title = "Prediction of limit cycles in mathematical models of biological oscillations ",
journal = "Bulletin of Mathematical Biology ",
volume = "40",
number = "1",
pages = "27 - 44",
year = "1978",
note = "",
issn = "0092-8240",
doi = "http://dx.doi.org/10.1016/S0092-8240(78)80028-7",
url = "http://www.sciencedirect.com/science/article/pii/S0092824078800287",
author = "Leon Glass and Joel S. Pasternack"
}

@article{glasspast,
  author = 	 {Glass, L. and Pasternack, J.},
  title = 	 {Stable oscillations in mathematical models of biological control systems},
  journal = 	 {J. Math. Biol.},
  year = 	 {1978},
  OPTkey = 	 {},
  OPTvolume = 	 {6},
  OPTnumber = 	 {},
  OPTpages = 	 {207-23},
  OPTmonth = 	 {},
  OPTnote = 	 {},
  OPTannote = 	 {}
}

@article{alliance,
year={2013},
issn={0092-8240},
journal={Bulletin of Mathematical Biology},
volume={75},
number={6},
doi={10.1007/s11538-012-9794-1},
title={Deconstruction and Dynamical Robustness of Regulatory Networks: Application to the Yeast Cell Cycle Networks},
url={http://dx.doi.org/10.1007/s11538-012-9794-1},
publisher={Springer-Verlag},
keywords={Boolean networks; Attractors; Update robustness; Alliances; Dynamics},
author={Goles, Eric and Montalva, Marco and Ruz, GonzaloA.},
pages={939-966},
language={English}
}

@article{Aracena2013188,
title = "On the number of different dynamics in Boolean networks with deterministic update schedules ",
journal = "Mathematical Biosciences ",
volume = "242",
number = "2",
pages = "188 - 194",
year = "2013",
note = "",
issn = "0025-5564",
doi = "http://dx.doi.org/10.1016/j.mbs.2013.01.007",
url = "http://www.sciencedirect.com/science/article/pii/S002555641300031X",
author = "J. Aracena and J. Demongeot and E. Fanchon and M. Montalva",
keywords = "Boolean network",
keywords = "Update schedule",
keywords = "Update digraph",
keywords = "Dynamics "
}

@article{aracena1,
  author = 	 {J. Aracena and E. Goles and A. Moreira and L. Salinas},
  title = 	 {On the robustness of update schedules in Boolean networks},
  journal = 	 {Biosystems},
  year = 	 {2009},
  OPTkey = 	 {},
  OPTvolume = 	 {97},
  OPTnumber = 	 {},
  OPTpages = 	 {1-8},
  OPTmonth = 	 {},
  OPTnote = 	 {},
  OPTannote = 	 {}
}

@ARTICLE{datalog,
author={Ceri, S. and Gottlob, G. and Tanca, L.},
journal={Knowledge and Data Engineering, IEEE Transactions on},
title={What you always wanted to know about Datalog (and never dared to ask)},
year={1989},
month={Mar},
volume={1},
number={1},
pages={146-166},
keywords={logic programming;query languages;relational databases;Datalog;database query language;logic programming;optimisation methods;relational database;semantics;syntax;Amplitude shift keying;Artificial intelligence;Books;Database languages;Logic programming;Merging;Optimization methods;Programming environments;Query processing;Relational databases},
doi={10.1109/69.43410},
ISSN={1041-4347}
}


@article{imp_eff,
  author = 	 {D. J. Irons},
  title = 	 {Improving the efficiency of attractor cycle identification in
Boolean network},
  journal = 	 {Physica D},
  year = 	 {2006},
  OPTkey = 	 {},
  OPTvolume = 	 {217},
  OPTnumber = 	 {},
  OPTpages = 	 {7–21},
  OPTmonth = 	 {},
  OPTnote = 	 {},
  OPTannote = 	 {}
}
%http://www.sciencedirect.com/science/article/pii/S016727890600090X
%http://amorph.group.shef.ac.uk/Publications.htm

@article{small_att,
  author = 	 {S. Q. Zhang and M. Hayashida and T. Akutsu and W. K. Ching and M. K.
Ng},
  title = 	 {Algorithms for finding small attractors in Boolean networks},
  journal = 	 {EURASIP J. Bioinf. Syst. Bio.},
  year = 	 {2007},
  OPTkey = 	 {},
  OPTvolume = 	 {2007},
  OPTnumber = 	 {},
  OPTpages = 	 {20180},
  OPTmonth = 	 {},
  OPTnote = 	 {},
  OPTannote = 	 {}
}

@article{mendoza_alvarez,
  author = 	 {Mendoza, L. and Alvarez-Buylla, E.},
  title = 	 {Dynamics of the genetic regulatory network for Arabidopsis thaliana flower morphogenesis},
  journal = 	 {J. of Theoretical Biology},
  year = 	 {1998},
  OPTkey = 	 {},
  OPTvolume = 	 {193},
  OPTnumber = 	 {2},
  OPTpages = 	 {307–319},
  OPTmonth = 	 {},
  OPTnote = 	 {},
  OPTannote = 	 {}
}

@article{tyson_chen_novak,
  author = 	 {Tyson, J. J. and Chen, K. and Novak, B.},
  title = 	 {Network dynamics and cell physiology},
  journal = 	 {Nature Rev Mol Cell Biol},
  year = 	 {2001},
  OPTkey = 	 {},
  OPTvolume = 	 {2},
  OPTnumber = 	 {},
  OPTpages = 	 {908–916},
  OPTmonth = 	 {},
  OPTnote = 	 {},
  OPTannote = 	 {}
}

@article{asynch_updt,
  author = 	 {Harvey, I. and Bossomaier, T.},
  title = 	 {Time out of joint: Attractors in asynchronous
random boolean networks},
  journal = 	 {In: Proceedings of the Fourth European Conference
on Artificial Life. MIT Press, Cambridge},
  year = 	 {1997},
  OPTkey = 	 {},
  OPTvolume = 	 {},
  OPTnumber = 	 {},
  OPTpages = 	 {67–75},
  OPTmonth = 	 {},
  OPTnote = 	 {},
  OPTannote = 	 {}
}

@mastersthesis{mitesis,
    
    author={Plana, F. and Goles, E. and Pérez, J.},
    title={Filters on disjunctive Boolean networks}, 
    school={Facultad de ciencias físicas y matemáticas, Universidad de Chile}, 
    year={2014},
    type={Thesis for Master of Science degree in Computer Science}, 
    note={Available at http://goo.gl/AFqeJL} 
}

@article{Kiwi1994527,
title = "No polynomial bound for the period of the parallel chip firing game on graphs ",
journal = "Theoretical Computer Science ",
volume = "136",
number = "2",
pages = "527 - 532",
year = "1994",
note = "",
issn = "0304-3975",
doi = "http://dx.doi.org/10.1016/0304-3975(94)00131-2",
url = "http://www.sciencedirect.com/science/article/pii/0304397594001312",
author = "M.A. Kiwi and R. Ndoundam and M. Tchuente and E. Goles"
}


@book{andrews,
  title={Number Theory},
  author={Andrews, G.E.},
  isbn={9780486682525},
  lccn={lc94005243},
  series={Dover Books on Mathematics Series},
  url={http://books.google.cl/books?id=eVwvvwZeBf4C},
  year={1994},
  publisher={Dover Publications}
}

@book{easley2010networks,
  title={Networks, Crowds, and Markets: Reasoning About a Highly Connected World},
  author={Easley, D. and Kleinberg, J.},
  isbn={9781139490306},
  url={http://books.google.cl/books?id=atfCl2agdi8C},
  year={2010},
  publisher={Cambridge University Press}
}

@book {hardy,    AUTHOR = {Hardy, G. H. and Wright, E. M.},     TITLE = {An introduction to the theory of numbers},   EDITION = {Sixth},      NOTE = {Revised by D. R. Heath-Brown and J. H. Silverman,              With a foreword by Andrew Wiles}, PUBLISHER = {Oxford University Press},   ADDRESS = {Oxford},      YEAR = {2008},     PAGES = {xxii+621},      ISBN = {978-0-19-921986-5},   MRCLASS = {11-01},  MRNUMBER = {2445243 (2009i:11001)},}

@article{stabl_unst,
  title = {Stable and unstable attractors in Boolean networks},
  author = {Klemm, Konstantin and Bornholdt, Stefan},
  journal = {Phys. Rev. E},
  volume = {72},
  issue = {5},
  pages = {055101},
  numpages = {4},
  year = {2005},
  month = {Nov},
  doi = {10.1103/PhysRevE.72.055101},
  url = {http://link.aps.org/doi/10.1103/PhysRevE.72.055101},
  publisher = {American Physical Society}
}

@article{harris,
  title = {A model of transcriptional regulatory networks based on biases in the observed regulation rules},
  author = {S. E. Harris and B. K. Sawhill and A. Wuensche and S. Kauffman},
  journal = {Complexity},
  volume = {7},
  issue = {4},
  year = {2002},
pages={23-40}
}


@article{wadd,
  title = {Canalisation of development and the inheritance of acquired characters},
  author = {Waddington, C. H.},
  journal = {Nature},
  volume = {150},
  issue = {},
  pages = {563–564},
  year = {1942}
}

@book{kauffman_order,
	author = {Kauffman, S.A.},
	title = {The origins of order: self-organization and selection in
evolution},
	publisher = {Oxford University Press},
	year = {1993}
}

@article{contr,
title = "Controllability of Boolean control networks via the Perron–Frobenius theory ",
journal = "Automatica ",
volume = "48",
number = "6",
pages = "1218 - 1223",
year = "2012",
note = "",
issn = "0005-1098",
doi = "http://dx.doi.org/10.1016/j.automatica.2012.03.022",
url = "http://www.sciencedirect.com/science/article/pii/S0005109812001318",
author = "Dmitriy Laschov and Michael Margaliot",
keywords = "Logical systems",
keywords = "Reachability",
keywords = "Controllability",
keywords = "Gene regulating networks",
keywords = "Systems biology",
keywords = "Nonnegative matrices "
}


@book{mat_book,
	author = {R.A. Brualdi and H.J. Ryser},
	title = {Combinatorial Matrix Theory},
	publisher = {Cambridge University Press, Cambridge},
	year = {1991}
}

@book{minc,
	author = {Henryk Minc},
	title = {Nonnegative matrices},
	publisher = {John Wiley \& Sons, New York,},
	year = {1988}
}





 

@book{huang_2002,
	author = {S. Huang},
	title = {Regulation of cellular states in mammalian cells from a genome-wide view},
	publisher = {in Collado-Vides, J. and
Hofestadt, R., Eds, ‘Gene Regulation and
Metabolism: Post-Genomic Computational
Approach’, MIT Press, Cambridge, MA.},
	year = {2002}
}

@article{huang,
  author = 	 {S. Huang},
  title = 	 {Gene expression profiling, genetic networks, and cellular states: an integrating concept for tumorigenesis and drug discovery},
  journal = 	 {J. of molecular medicine},
  year = 	 {1999},
  OPTkey = 	 {},
  OPTvolume = 	 {77},
  OPTnumber = 	 {6},
  OPTpages = 	 {469-480},
  OPTmonth = 	 {},
  OPTnote = 	 {},
  OPTannote = 	 {}
}

@article{ferrell,
  author = 	 {Ferrell, J. E., Jr. and Machleder, E. M.},
  title = 	 {The biochemical basis of an all-or-none cell
fate switch in Xenopus oocytes},
  journal = 	 {JScience},
  year = 	 {1998},
  OPTkey = 	 {},
  OPTvolume = 	 {280},
  OPTnumber = 	 {},
  OPTpages = 	 {895–898},
  OPTmonth = 	 {},
  OPTnote = 	 {},
  OPTannote = 	 {}
}

@article{sf,
  author = 	 {Paulsson, J. and Berg, O. G. and Ehrenberg, M.},
  title = 	 {Stochastic focusing: Fluctuation-
enhanced sensitivity of intracellular regulation},
  journal = 	 {Proc. Natl. Acad. Sci. USA},
  year = 	 {2000},
  OPTkey = 	 {},
  OPTvolume = 	 {97},
  OPTnumber = 	 {},
  OPTpages = 	 {7148–7153},
  OPTmonth = 	 {},
  OPTnote = 	 {},
  OPTannote = 	 {}
}


@article{drosoph,
  author = 	 {Julio Aracena and Mauricio Gonz\'alez and Alejandro Zuniga and Marco A Mendez and Ver\'onica Cambiazo},
  title = 	 {Regulatory network for cell shape changes during Drosophila ventral furrow formation},
  journal = 	 {J. Theor. Biol.},
  year = 	 {2006},
  OPTkey = 	 {},
  OPTvolume = 	 {239},
  OPTnumber = 	 {1},
  OPTpages = 	 {49-62},
  OPTmonth = 	 {},
  OPTnote = 	 {http://www.ncbi.nlm.nih.gov/pubmed/16139845},
  OPTannote = 	 {}
}

@Book{ trove.nla.gov.au/work/10029684,
title = { Neural networks for knowledge representation and inference / edited by Daniel S. Levine, Manuel Aparicio IV },
author = { Levine, Daniel S and Aparicio, Manuel },
publisher = { Hillsdale, N.J. : Lawrence Erlbaum Associates },
year = { 1994 },
type = { Book; Book/Illustrated },
isbn = { 0805811583 (acid-free paper) },
subjects = { Neural networks (Computer science); Knowledge representation (Information theory) },
language = { English },
note = { Includes bibliographical references and indexes },
contents = { 1. Why are Neural Networks Relevant to Higher Cognitive Function? / Manuel Aparicio IV and Daniel S. Levine -- 2. On Using Analogy to Reconcile Connections and Symbols / John A. Barnden -- 3. Semiotics, Meaning, and Discursive Neural Networks / Samuel J. Leven -- 4. Continuous Symbol Systems: The Logic of Connectionism / Bruce MacLennan -- 5. Representing Discrete Structures in a Hopfield-Style Network / Arun Jagota -- 6. Modeling and Stability Analysis of a Truth Maintenance System Neural Network / William Pratt Mounfield, Jr., Ljubomir Grujic and Suresh Guddanti -- 7. Propositional Logic, Nonmonotonic Reasoning, and Symmetric Networks - On Bridging the Gap Between Symbolic and Connectionist Knowledge Representation / Gadi Pinkas -- 8. The Representation of Knowledge and Rules in Hierarchical Neural Networks / Thomas Jackson and James Austin -- 9. Connectionist Models of Commonsense Reasoning / Ron Sun },
catalogue-url = { http://trove.nla.gov.au/work/10029684 }
}



@article{robert,
  author = 	 {F. Robert},
  title = 	 {Discrete Iterations},
  journal = 	 {Springer S. in Computational Mathematics},
  year = 	 {1986}
}

@article{hol_var,
  author = 	 {Holladay, J. and Varga, R.},
  title = 	 {On powers of non-negative matrices},
  journal = 	 {Proc. Amer. Math. Soc.},
  year = 	 {1958},
  OPTkey = 	 {},
  OPTvolume = 	 {9},
  OPTnumber = 	 {},
  OPTpages = 	 {631-634},
  OPTmonth = 	 {},
  OPTnote = 	 {},
  OPTannote = 	 {}
}


@article{lee,
  author = 	 {Lee, C.Y.},
  title = 	 {Representation of switching circuits by binary decision diagrams},
  journal = 	 {Bell Syst Tech J},
  year = 	 {1959},
  OPTkey = 	 {},
  OPTvolume = 	 {38},
  OPTnumber = 	 {},
  OPTpages = 	 {985–999},
  OPTmonth = 	 {},
  OPTnote = 	 {},
  OPTannote = 	 {}
}

@article{akers,
  author = 	 {Akers, S.B.},
  title = 	 {Binary decision diagrams},
  journal = 	 {IEEE Trans Comp},
  year = 	 {1978},
  OPTkey = 	 {},
  OPTvolume = 	 {27},
  OPTnumber = 	 {6},
  OPTpages = 	 {509-516},
  OPTmonth = 	 {},
  OPTnote = 	 {},
  OPTannote = 	 {}
}

@article{bryant,
  author = 	 {Bryant, R.E.},
  title = 	 {Graph-based algorithms for Boolean function manipulation},
  journal = 	 {IEEE Trans Comp},
  year = 	 {1986},
  OPTkey = 	 {},
  OPTvolume = 	 {35},
  OPTnumber = 	 {8},
  OPTpages = 	 {677-691},
  OPTmonth = 	 {},
  OPTnote = 	 {},
  OPTannote = 	 {}
}

@article{drechsler,
year={2001},
issn={1433-2779},
journal={International Journal on Software Tools for Technology Transfer},
volume={3},
number={2},
doi={10.1007/s100090100056},
title={Binary decision diagrams in theory and practice},
url={http://dx.doi.org/10.1007/s100090100056},
publisher={Springer-Verlag},
keywords={Key words: Binary decision diagram – Branching program – data structure – Boolean function – VLSI CAD},
author={Drechsler, Rolf and Sieling, Detlef},
pages={112-136},
language={English}
}

@article{Moret:1982:DTD:356893.356898,
 author = {Moret, Bernard M. E.},
 title = {Decision Trees and Diagrams},
 journal = {ACM Comput. Surv.},
 issue_date = {Dec. 1982},
 volume = {14},
 number = {4},
 month = dec,
 year = {1982},
 issn = {0360-0300},
 pages = {593--623},
 numpages = {31},
 url = {http://doi.acm.org/10.1145/356893.356898},
 doi = {10.1145/356893.356898},
 acmid = {356898},
 publisher = {ACM},
 address = {New York, NY, USA},
} 

@article{helfgott,
  author = 	 {Helfgott, H.A.},
  title = 	 {Major arcs for Goldbach's theorem},
  journal = 	 {arXiv:1305.2897v4 [math.NT]},
  year = 	 {2013},
  OPTkey = 	 {}
} 

@article{nested,
  author = 	 {Abdul Salam Jarrah and Blessilda Raposa and Reinhard Laubenbacher},
  title = 	 {Nested Canalyzing, unate cascade, and polynomial functions},
  journal = 	 {arXiv:q-bio/0606013v3 [q-bio.QM]},
  year = 	 {2007},
  OPTkey = 	 {}
} 

@article{Just2004211,
title = "The number and probability of canalizing functions ",
journal = "Physica D: Nonlinear Phenomena ",
volume = "197",
number = "3–4",
pages = "211 - 221",
year = "2004",
note = "",
issn = "0167-2789",
doi = "http://dx.doi.org/10.1016/j.physd.2004.07.002",
url = "http://www.sciencedirect.com/science/article/pii/S0167278904002787",
author = "Winfried Just and Ilya Shmulevich and John Konvalina",
keywords = "Canalizing function",
keywords = "Forcing function",
keywords = "Boolean network "
}


@article{gol_mar,
  author = 	 {Goles, E. and Mart\'inez, S.},
  title = 	 {Neural and Automata Networks},
  journal = 	 {Mathematics and its Applications Ser., Kluwer Academic
Publishers, Dordrecht},
  year = 	 {1991},
  OPTkey = 	 {},
  OPTvolume = 	 {58},
  OPTnumber = 	 {},
  OPTpages = 	 {},
  OPTmonth = 	 {},
  OPTnote = 	 {},
  OPTannote = 	 {}
} 

@book{varga,
	author = {Richard S. Varga},
	title = {Matrix Iterative Analysis},
	publisher = {Prentice Hall, Inc., Englewood Cliffs, New Jersey},
	year = {1962}
}


@article{faure,
  author = 	 {A. Fauré and A. Naldi and C. Chaouiya and D. Thieffry},
  title = 	 {Dynamical analysis of a generic Boolean model for the control of the mammalian cell cycle},
  journal = 	 {Bioinformatics},
  year = 	 {2006},
  OPTkey = 	 {},
  OPTvolume = 	 {22},
  OPTnumber = 	 {14},
  OPTpages = 	 {124-131},
  OPTmonth = 	 {},
  OPTnote = 	 {},
  OPTannote = 	 {}
}

@article{albert,
  author = 	 {R. Albert and H. G. Othmer},
  title = 	 {The topology of the regulatory interactions predicts the expression pattern of the segment polarity genes in Drosophila melanogaster},
  journal = 	 {J. Theor. Biol.},
  year = 	 {2003},
  OPTkey = 	 {},
  OPTvolume = 	 {223},
  OPTnumber = 	 {1},
  OPTpages = 	 {},
  OPTmonth = 	 {},
  OPTnote = 	 {},
  OPTannote = 	 {}
}


